<?xml version="1.0" encoding="UTF-8"?><collection xmlns="http://www.loc.gov/MARC21/slim"><record><leader>00378nam--2200145-i-4500</leader><controlfield tag="001">000018960</controlfield><controlfield tag="002">20161230</controlfield><controlfield tag="005">20161230201033</controlfield><controlfield tag="008">060222s1000------------r-----000-0-eng-d</controlfield><datafield ind1=" " ind2=" " tag="080"><subfield code="a">539.122</subfield></datafield><datafield ind1=" " ind2=" " tag="100"><subfield code="a">Faugeras, Paul-etienne</subfield></datafield><datafield ind1=" " ind2=" " tag="245"><subfield code="a">L`effet multiphotonique</subfield></datafield><datafield ind1=" " ind2=" " tag="260"><subfield code="a">Saclay, Centre D`Etude Nucleaires, 1967. 35 P</subfield></datafield><datafield ind1=" " ind2=" " tag="490"><subfield code="a">Serie   Bibliographies  </subfield></datafield><datafield ind1=" " ind2=" " tag="852"><subfield code="a">D.1021</subfield></datafield></record></collection>